@article{ng2000cs229,
  title={CS229 Lecture notes},
  author={Ng, Andrew},
  journal={CS229 Lecture notes},
  volume={1},
  number={1},
  pages={1--30},
  year={2000}
}

@misc{roc_curve,
author = {{The Yhat Blog}},
title = {{ROC Curves in Python and R}},
url = {http://blog.yhat.com/posts/roc-curves.html},
urldate = {2016-12-03}
}

@misc{python_list_comprehensions,
author = {{Python Docs}},
title = {{Built-in Functions: List Comprehensions}},
url = {https://docs.python.org/3.5/tutorial/datastructures.html#list-comprehensions},
urldate = {2016-01-03}
}

@misc{python_zip,
author = {{Python Docs}},
title = {{Built-in Functions: zip()}},
url = {https://docs.python.org/3.5/library/functions.html#zip},
urldate = {2016-03-03}
}

@misc{python_sum,
author = {{Python Docs}},
title = {{Built-in Functions: sum()}},
url = {https://docs.python.org/3.5/library/functions.html#sum},
urldate = {2016-05-03}
}

@misc{plotly,
author = {{Plotly}},
title = {{Visualize Data, Together}},
url = {https://plot.ly/},
urldate = {2016-12-03}
}